!ACCNT	NAME	ACCNTTYPE	DESC	ACCNUM	EXTRA		
ACCNT	Checking	BANK					
ACCNT	Savings	BANK					
!TRNS	TRNSID	TRNSTYPE	DATE	ACCNT	AMOUNT	MEMO	CLEAR
!SPL	SPLID	TRNSTYPE	DATE	ACCNT	AMOUNT	MEMO	CLEAR
!ENDTRNS							
TRNS		TRANSFER	7/1/98	Checking	-500	Funds Transfer	N
SPL		TRANSFER	7/1/98	Savings	500		N
ENDTRNS							
